@article{Lythgoe2012,
Author = {Katrina A. Lythgoe and Lorenzo Pellis and Christophe Fraser},
Title = {IS HIV SHORT-SIGHTED? INSIGHTS FROM
A MULTISTRAIN NESTED MODEL},
Journal = {Evolution},
Volume = {67},
Number = {10},
URL = {},
Pages = {2769–2782},
Year = {2013},
note     = {}
}

@article{Williamson2015,
Author = {Carolyn Williamson and 
 Ronald Swanstrom},
Title = {HIV-1 replication capacity: Setting the pace of disease},
Journal = {PNAS},
Volume = {112},
Number = {12},
URL = {},
Pages = {3591–3592},
Year = {2015},
note     = {}
}

@article{vandeVijer2013,
Author = {David A.M.C. van de Vijver, Brooke E. Nichols, Ume L. Abbas,
Charles A.B. Boucher, Valentina Cambiano, Jeffrey W. Eaton,
Robert Glaubius, Katrina Lythgoe, John Mellors, Andrew Phillips,
Kim C. Sigaloff and Timothy B. Hallett},
Title = {Preexposure prophylaxis will have a limited impact
on HIV-1 drug resistance in sub-Saharan Africa:
a comparison of mathematical models},
Journal = {AIDS},
Volume = {27},
Number = {},
URL = {},
Pages = {2943–2951},
Year = {2013},
note     = {}
}
